@book{patterns-of-architecture,
  title={Patterns of enterprise application architecture},
  author={Fowler, Martin},
  year={\hfill\break ISBN: 0321127420, 2002},
  publisher={Addison-Wesley Longman Publishing Co., Inc.}
}
@book{entity-programming,
  title={Programming Entity Framework: Code First: Creating and Configuring Data Models from Your Classes},
  author={Lerman, Julia and Miller, Rowan},
  year={\hfill\break ISBN: 1449323847, 2011},
  publisher={" O'Reilly Media, Inc."}
}
@book{asp-net,
  title={ASP.NET MVC 5: zaawansowane programowanie},
  author={Freeman, A. and G{\'o}rczy{\'n}ski, R.},
  year={ ISBN: 9788328306516, 2015},
  publisher={Helion}
}

@misc{asp-core,
  title={Essential Angular for ASP .NET Core MVC},
  author={Freeman, Adam},
  year={\hfill\break ISBN: 9781484229156, 2017},
  publisher={Springer}
}
@misc{tier-applications,
    author = {Microsoft Developer Network},
    title = {Aplikacje warstwowe — Przegląd},
    note = {
        \hfill\break
        \emph{https://msdn.microsoft.com/pl-pl/library/bb384398.aspx} [25.11.2017]
    },
    year = {2016},
}
@misc{angular-comparison,
    author = {Angular Minds},
    title = {Comparison Between: Angular 1 Vs Angular 2 Vs Angular 4},
    note = {
        \hfill\break
        \emph{https://www.angularminds.com/blog/article/comparison-difference-between-angular1-vs\hfil\break -angular2-vs-angular4.html} [20.11.2017]
    },
    year = {2017},
}
@misc{google-trends,
    author = {Narzędzie Google Trends},
    title = {Wykresy popularności \textit{frameworków} Javascript},
    note = {
        \hfill\break
        \emph{https://trends.google.com/trends/explore?date=today\%205-y\&q=Angular,\hfil\break Vue\%20JS,React,Ember} [26.11.2017]
    },
    year = {2017},
},
@misc{angular-react-comparison,
    author = {Neuhaus, Jens},
    title = {Angular vs. React vs. Vue: A 2017 comparison},
    note = {
        \hfill\break
        \emph{https://medium.com/unicorn-supplies/angular-vs-react-vs-vue-a-2017-comparison\hfill\break -c5c52d620176} [20.11.2017]
    },
    year = {2017},
}
@misc{identity-theory,
    author = {Józef Muszyński},
    title = {Identyfikacja, uwierzytelnianie i autoryzacja},
    note = {
        \hfill\break
        \emph{https://www.computerworld.pl/news/Identyfikacja-uwierzytelnianie\hfil\break -i-autoryzacja,299422.html} [24.11.2017]
    },
    year = {2003},
}
@misc{deploying-angular,
    author = {Vladimir Milev},
    title = {Deploying Angular 4 CLI apps to IIS on Azure},
    note = {
        \hfill\break
        \emph{https://www.newventuresoftware.com/blog/deploying-angular-4-cli-apps-to-iis-on-azure} [04.12.2017]
    },
    year = {2017},
}
@misc{angular-documentation,
    author = {Google Developers},
    title = {Oficjalna dokumentacja technologii Angular 4},
    note = {
        \hfill\break
        \emph{https://angular.io/docs} [15.11.2017]
    },
    year = {2017},
}
@misc{dot-net-documentation,
    author = {Microsoft Developers},
    title = {Oficjalna dokumentacja technologii ASP.NET Core 2.0},
    note = {
        \hfill\break
        \emph{https://docs.microsoft.com/en-us/aspnet/core/} [15.11.2017]
    },
    year = {2017},
}
@misc{azure-documentation,
    author = {Microsoft Developers},
    title = {Oficjalna dokumentacja technologii Azure},
    note = {
        \hfill\break
        \emph{https://docs.microsoft.com/en-us/azure/} [23.11.2017]
    },
    year = {2017},
}
