@Book{patterns-of-architecture,
  author    = {Martin Fowler},
  title     = {Patterns of Enterprise Application Architecture},
  year      = {2003},
  publisher = {Addison Wesley Professional},
}
@misc{tier-applications,
    author = {Microsoft Developer Network},
    title = {Aplikacje warstwowe — Przegląd},
    note = {
        \hfill\break
        \emph{https://msdn.microsoft.com/pl-pl/library/bb384398.aspx} [25.11.2017]
    },
    year = {2016},
}
@misc{angular-comparison,
    author = {Angular Minds},
    title = {Comparison Between: Angular 1 Vs Angular 2 Vs Angular 4},
    note = {
        \hfill\break
        \emph{https://www.angularminds.com/blog/article/comparison-difference-between-angular1-vs\hfil\break -angular2-vs-angular4.html} [20.11.2017]
    },
    year = {2017},
}
@misc{google-trends,
    author = {Google},
    title = {Google Trends},
    note = {
        \hfill\break
        \emph{https://trends.google.com/trends/explore?date=today\%205-y\&q=Angular,\hfil\break Vue\%20JS,React,Ember} [26.11.2017]
    },
    year = {2017},
},
@misc{angular-react-comparison,
    author = {Jens Neuhaus},
    title = {Angular vs. React vs. Vue: A 2017 comparison},
    note = {
        \hfill\break
        \emph{https://medium.com/unicorn-supplies/angular-vs-react-vs-vue-a-2017-comparison\hfill\break -c5c52d620176} [20.11.2017]
    },
    year = {2017},
}
@misc{identity-theory,
    author = {Józef Muszyński},
    title = {Identyfikacja, uwierzytelnianie i autoryzacja},
    note = {
        \hfill\break
        \emph{https://www.computerworld.pl/news/Identyfikacja-uwierzytelnianie\hfil\break -i-autoryzacja,299422.html} [24.11.2017]
    },
    year = {2003},
}